@misc{explo_16826_v4,
	title={Vegetation Records for Grassland EPs in 2013, Header Data without Species Identities},
 	author={Schmitt, Barbara and Prati, Daniel and Fischer, Markus},
	version={4},
	year={2018},
	publisher={Biodiversity Exploratories Information System},
	url={https://www.bexis.uni-jena.de/ddm/data/Showdata/16826?version=4},
	type={Dataset. Published.},
	note={DatasetId: 16826},
}